@inproceedings{He,
  title={Decoding with value networks for neural machine translation},
  author={He, Di and Lu, Hanqing and Xia, Yingce and Qin, Tao and Wang, Liwei and Liu, Tieyan},
  booktitle={Advances in Neural Information Processing Systems},
  pages={177--186},
  year={2017}
}

@inproceedings{seq2seq,
  title={Sequence to sequence learning with neural networks},
  author={Sutskever, Ilya and Vinyals, Oriol and Le, Quoc V},
  booktitle={Advances in neural information processing systems},
  pages={3104--3112},
  year={2014}
}

@article{googleNMTS,
  title={Google's neural machine translation system: Bridging the gap between human and machine translation},
  author={Wu, Yonghui and Schuster, Mike and Chen, Zhifeng and Le, Quoc V and Norouzi, Mohammad and Macherey, Wolfgang and Krikun, Maxim and Cao, Yuan and Gao, Qin and Macherey, Klaus and others},
  journal={arXiv preprint arXiv:1609.08144},
  year={2016}
}

@inproceedings{europarl,
  title={Europarl: A parallel corpus for statistical machine translation},
  author={Koehn, Philipp},
  booktitle={MT summit},
  volume={5},
  pages={79--86},
  year={2005}
}

@InProceedings{TIEDEMANN12.463,
  author = {JÃ¶rg Tiedemann},
  title = {Parallel Data, Tools and Interfaces in OPUS},
  booktitle = {Proceedings of the Eight International Conference on Language Resources and Evaluation (LREC'12)},
  year = {2012},
  month = {may},
  date = {23-25},
  address = {Istanbul, Turkey},
  editor = {Nicoletta Calzolari (Conference Chair) and Khalid Choukri and Thierry Declerck and Mehmet Ugur Dogan and Bente Maegaard and Joseph Mariani and Jan Odijk and Stelios Piperidis},
  publisher = {European Language Resources Association (ELRA)},
  isbn = {978-2-9517408-7-7},
  language = {english}
}

@inproceedings{tian2014corpus,
  title={UM-Corpus: A Large English-Chinese Parallel Corpus for Statistical Machine Translation.},
  author={Tian, Liang and Wong, Derek F and Chao, Lidia S and Quaresma, Paulo and Oliveira, Francisco and Yi, Lu},
  booktitle={LREC},
  pages={1837--1842},
  year={2014}
}

@article{koehn2017neural,
  title={Neural Machine Translation},
  author={Koehn, Philipp},
  journal={arXiv preprint arXiv:1709.07809},
  year={2017}
}

@article{ghader2017does,
  title={What does Attention in Neural Machine Translation Pay Attention to?},
  author={Ghader, Hamidreza and Monz, Christof},
  journal={arXiv preprint arXiv:1710.03348},
  year={2017}
}

@article{luong2015effective,
  title={Effective approaches to attention-based neural machine translation},
  author={Luong, Minh-Thang and Pham, Hieu and Manning, Christopher D},
  journal={arXiv preprint arXiv:1508.04025},
  year={2015}
}

@inproceedings{papineni2002bleu,
  title={BLEU: a method for automatic evaluation of machine translation},
  author={Papineni, Kishore and Roukos, Salim and Ward, Todd and Zhu, Wei-Jing},
  booktitle={Proceedings of the 40th annual meeting on association for computational linguistics},
  pages={311--318},
  year={2002},
  organization={Association for Computational Linguistics}
}

@book{frederking2004machine,
  title={Machine Translation: From Real Users to Research: 6th Conference of the Association for Machine Translation in the Americas, AMTA 2004, Washington, DC, USA, September 28-October 2, 2004, Proceedings},
  author={Frederking, Robert E and Taylor, Kathryn B},
  volume={3265},
  year={2004},
  publisher={Springer}
}


